<record xmlns:xsi="http://www.w3.org/2001/XMLSchema-instance" xmlns="http://www.loc.gov/MARC21/slim" xsi:schemaLocation="http://www.loc.gov/MARC21/slim http://www.loc.gov/standards/marcxml/schema/MARC21slim.xsd">

  <leader>00629nam a2200181Ia 4500</leader>
  <datafield ind1=" " ind2=" " tag="999">
    <subfield code="c">1951</subfield>
    <subfield code="d">1951</subfield>
  </datafield>
  <controlfield tag="008">180629b2007    us ||||| |||| 00| | en  d</controlfield>
  <datafield ind2=" " ind1=" " tag="090">
    <subfield code="a">06.05.02 </subfield>
    <subfield code="b">1518</subfield>
  </datafield>
  <datafield ind2=" " ind1=" " tag="100">
    <subfield code="9">3827</subfield>
    <subfield code="a">Parker Boudett, Kathryn </subfield>
    <subfield code="e">Editor/a</subfield>
  </datafield>
  <datafield tag="245" ind2="0" ind1="1">
    <subfield code="a">Data Wise /</subfield>
    <subfield code="c">Edited by Kathryn Parker Boudett, Elizabeth A. City, Richard J. Murnane</subfield>
  </datafield>
  <datafield tag="260" ind2=" " ind1=" ">
    <subfield code="a">Estados Unidos de América :  </subfield>
    <subfield code="b">Harvard Education Press, </subfield>
    <subfield code="c">2007</subfield>
  </datafield>
  <datafield ind2=" " ind1=" " tag="300">
    <subfield code="a">212 páginas</subfield>
  </datafield>
  <datafield tag="650" ind2="4" ind1="1">
    <subfield code="a">ENSEÑANZA</subfield>
    <subfield code="9">14</subfield>
  </datafield>
  <datafield tag="650" ind2="4" ind1="1">
    <subfield code="a">APRENDIZAJE </subfield>
    <subfield code="9">387</subfield>
  </datafield>
  <datafield tag="650" ind1="1" ind2="4">
    <subfield code="a">EVALUACIÓN </subfield>
    <subfield code="9">287</subfield>
  </datafield>
  <datafield tag="700" ind1=" " ind2=" ">
    <subfield code="9">3828</subfield>
    <subfield code="a">City A., Elizabeth</subfield>
    <subfield code="e">Editor/a</subfield>
  </datafield>
  <datafield tag="700" ind1=" " ind2=" ">
    <subfield code="9">3829</subfield>
    <subfield code="a">Murnane, Richard J.</subfield>
    <subfield code="e">Editor/a</subfield>
  </datafield>
  <datafield tag="942" ind2=" " ind1=" ">
    <subfield code="2">z</subfield>
    <subfield code="c">01</subfield>
  </datafield>
</record>